@INPROCEEDINGS{5686315,
author={Kim, J.H.},
booktitle={Humanoid Robots (Humanoids), 2010 10th IEEE-RAS International Conference on},
title={Motion planning of optimal throw for whole-body humanoid},
year={2010},
month={dec.},
volume={},
number={},
pages={21 -26},
keywords={actuator torque;arm movement;associated dynamic feature;biped balance;ground reaction load;maximum distance throwing;motion planning;object projectile;optimal throw;realistic human like motion;release parameter;rigorous dynamic model;sidearm throw;throwing motion;torso movement;whole body humanoid;zero moment point;actuators;humanoid robots;legged locomotion;path planning;projectiles;torque control;},
doi={10.1109/ICHR.2010.5686315},
ISSN={},}

@article{JooH2011438,
title = "Optimization of throwing motion planning for whole-body humanoid mechanism: Sidearm and maximum distance",
journal = "Mechanism and Machine Theory",
volume = "46",
number = "4",
pages = "438 - 453",
year = "2011",
note = "",
issn = "0094-114X",
doi = "10.1016/j.mechmachtheory.2010.11.019",
url = "http://www.sciencedirect.com/science/article/pii/S0094114X10002168",
author = "Joo H. and Kim",}

@phdthesis{diankovThesis,
 author = "Rosen Diankov",
 title = "Automated Construction of Robotic Manipulation Programs",
 school = "Carnegie Mellon University, Robotics Institute",
 month = "August",
 year = "2010",
 number= "CMU-RI-TR-10-29",}
 
 @INPROCEEDINGS{100034,
author={Ying, Z.-Y. and Xi, Y.-G. and Zhang, Z.-H.},
booktitle={Robotics and Automation, 1989. Proceedings., 1989 IEEE International Conference on},
title={Test of the reachability of a robot to an object},
year={1989},
month={may},
volume={},
number={},
pages={490 -494 vol.1},
keywords={Planar 2R robot;RHINO robot;generalized cuboid;nonlinear programming;reachability;revised generalized reduced gradient algorithm;robot;nonlinear programming;robots;},
doi={10.1109/ROBOT.1989.100034},
ISSN={},}

@incollection {springerlink:101007,
   author = {Xue, Zhixing and Dillmann, Ruediger},
   affiliation = {Forschungszentrum Informatik, Haid-und-Neu Str. 10-14, 76131 Karlsruhe, Germany},
   title = {Efficient Grasp Planning with Reachability Analysis},
   booktitle = {Intelligent Robotics and Applications},
   series = {Lecture Notes in Computer Science},
   editor = {Liu, Honghai and Ding, Han and Xiong, Zhenhua and Zhu, Xiangyang},
   publisher = {Springer Berlin / Heidelberg},
   isbn = {978-3-642-16583-2},
   keyword = {Computer Science},
   pages = {26-37},
   volume = {6424},
   year = {2010}
}

@INPROCEEDINGS{1570152,
author={ Geraerts, R. and Overmars, M.H.},
booktitle={Robotics and Automation, 2005. ICRA 2005. Proceedings of the 2005 IEEE International Conference on},
title={Reachability Analysis of Sampling Based Planners},
year={2005},
month={april},
volume={},
number={},
pages={ 404 - 410},
keywords={ PRM ; Reachability analysis ; motion planning; potential field local planner ;},
doi={10.1109/ROBOT.2005.1570152},
ISSN={},}

@INPROCEEDINGS{509405,
author={Kato, N. and Matsuda, K. and Nakamura, T.},
booktitle={Advanced Motion Control, 1996. AMC '96-MIE. Proceedings., 1996 4th International Workshop on},
title={Adaptive control for a throwing motion of a 2 DOF robot},
year={1996},
month={mar},
volume={1},
number={},
pages={203 -207 vol.1},
keywords={ 2 DOF robot; adaptive control; maximum angular velocity; nonlinear dynamic compensation; target error; throwing motion control; torque limit; adaptive control; compensation; manipulators; motion control; nonlinear control systems; parameter estimation; position control;},
doi={10.1109/AMC.1996.509405},
ISSN={},}

@ARTICLE{Lynch97dynamicnonprehensile,
    author = {Kevin M. Lynch and Matthew T. Mason},
    title = {Dynamic Nonprehensile Manipulation: Controllability, Planning, and Experiments},
    journal = {International Journal of Robotics Research},
    year = {1997},
    volume = {18},
    pages = {64--92}
}

@INPROCEEDINGS{5152525,
author={Mori, W. and Ueda, J. and Ogasawara, T.},
booktitle={Robotics and Automation, 2009. ICRA '09. IEEE International Conference on},
title={1-DOF dynamic pitching robot that independently controls velocity, Angular velocity, and direction of a ball: Contact models and motion planning},
year={2009},
month={may},
volume={},
number={},
pages={1655 -1661},
keywords={1-DOF dynamic pitching robot;SA algorithm;angular velocity control;finger-link contact model;fingertip contact model;joint torque command;kinematic variable;motion path planning;nonlinear system;planar ball-throwing robot;planer manipulator;search algorithm;simulated annealing;underactuated contact dynamics;angular velocity control;manipulator dynamics;manipulator kinematics;mobile robots;motion control;nonlinear control systems;path planning;search problems;simulated annealing;torque control;},
doi={10.1109/ROBOT.2009.5152525},
ISSN={1050-4729},}

@INPROCEEDINGS{509335,
author={Nakamura, T.},
booktitle={Advanced Motion Control, 1996. AMC '96-MIE. Proceedings., 1996 4th International Workshop on},
title={Search guided by skill in motion planning using dynamic programming },
year={1996},
month={mar},
volume={2},
number={},
pages={711 -716 vol.2},
keywords={A* algorithm;configuration space;dynamic programming;heuristic search method;human skill;joint velocities;motion planning;dynamic programming;path planning;robots;search problems;},
doi={10.1109/AMC.1996.509335},
ISSN={},}

@article {springerlink:10.1007/s10015-006-0401-0,
   author = {Sato, Asaji and Sato, Osamu and Takahashi, Nobuya and Kono, Michio},
   affiliation = {Miyakonojo National College of Technology Department of Mechanical Engineering 473-1 Yoshio Miyakonojo 885-8567 Japan 473-1 Yoshio Miyakonojo 885-8567 Japan},
   title = {Trajectory for saving energy of a direct-drive manipulator in throwing motion},
   journal = {Artificial Life and Robotics},
   publisher = {Springer Japan},
   issn = {1433-5298},
   keyword = {Computer Science},
   pages = {61-66},
   volume = {11},
   issue = {1},
   url = {http://dx.doi.org/10.1007/s10015-006-0401-0},
   note = {10.1007/s10015-006-0401-0},
   year = {2007}
}

@INPROCEEDINGS{4651142,
author={Senoo, T. and Namiki, A. and Ishikawa, M.},
booktitle={Intelligent Robots and Systems, 2008. IROS 2008. IEEE/RSJ International Conference on},
title={High-speed throwing motion based on kinetic chain approach},
year={2008},
month={sept.},
volume={},
number={},
pages={3206 -3211},
keywords={ball control;high-speed dynamic manipulation;high-speed manipulator;high-speed throwing motion;kinetic chain approach;robotic throwing task;swing motion;torque transmission;manipulator dynamics;manipulator kinematics;motion control;torque control;},
doi={10.1109/IROS.2008.4651142},
ISSN={},}

@article{Herring19921173,
title = "Effects of changes in segmental values and timing of both torque and torque reversal in simulated throws",
journal = "Journal of Biomechanics",
volume = "25",
number = "10",
pages = "1173 - 1184",
year = "1992",
note = "",
issn = "0021-9290",
doi = "10.1016/0021-9290(92)90073-A",
url = "http://www.sciencedirect.com/science/article/pii/002192909290073A",
author = "R.M. Herring and A.E. Chapman"
}




@article{cross:305,
author = {Rod Cross},
collaboration = {},
title = {Physics of overarm throwing},
publisher = {AAPT},
year = {2004},
journal = {American Journal of Physics},
volume = {72},
number = {3},
pages = {305-312},
keywords = {physics; sport; velocity measurement; biomechanics; force measurement; student experiments},
url = {http://link.aip.org/link/?AJP/72/305/1},
doi = {10.1119/1.1634964}
}

@ARTICLE{4309277,
author={Vukobratovic, Miomir},
journal={Systems, Man and Cybernetics, IEEE Transactions on},
title={How to Control Artificial Anthropomorphic Systems},
year={1973},
month={sept. },
volume={3},
number={5},
pages={497 -507},
keywords={},
doi={10.1109/TSMC.1973.4309277},
ISSN={0018-9472},}

@INPROCEEDINGS{4813913,
author={Vande Weghe, M. and Ferguson, D. and Srinivasa, S.S.},
booktitle={Humanoid Robots, 2007 7th IEEE-RAS International Conference on},
title={Randomized path planning for redundant manipulators without inverse kinematics},
year={2007},
month={29 2007-dec. 1},
volume={},
number={},
pages={477 -482},
keywords={Jacobian transpose-directed rapidly exploring random trees;arm planning;end effector position;manipulator configuration space;redundant manipulators;sampling-based path planning algorithm;search tree;Jacobian matrices;end effectors;path planning;position control;redundant manipulators;sampling methods;trees (mathematics);},
doi={10.1109/ICHR.2007.4813913},
ISSN={},}

@INPROCEEDINGS{4048118,
author={W. A. Wolovich and H. Elliott},
booktitle={Decision and Control, 1984. The 23rd IEEE Conference on},
title={A computational technique for inverse kinematics},
year={1984},
month={dec. },
volume={23},
number={},
pages={1359 -1363},
keywords={},
doi={10.1109/CDC.1984.272258},
ISSN={},}








